@book{reiss2014audio,
  title={Audio effects: theory, implementation and application},
  author={Reiss, Joshua D and McPherson, Andrew},
  year={2014},
  publisher={CRC Press}
}

@book{roads1996computer,
  title={The computer music tutorial},
  author={Roads, Curtis and Strawn, John and others},
  year={1996},
  publisher={MIT press}
}

@book{smith2010physical,
  title={Physical audio signal processing: For virtual musical instruments and audio effects},
  author={Smith, Julius Orion},
  year={2010},
  publisher={W3K publishing}
}
